@string{I = {Ind. Eng. Chem. Res.}}%
@string{F = {Fuel}}%
@string{EF = {Energy \& Fuels}} %
@string{CF = {Comb. \& Flame}}%
@string{EST = {Environ. Sci. Technol.}} %
@string{JAP = {J. Appl.Polym. Sci.}} %
@string{CJC = { Can. J. Chem. Eng.}} %
@string{JAA ={J. Anal. Appl. Pyrolysis.}} %
@string{JPS = {J. Polym. Sci. A}}%
@string{CST = {Combust. Sci. Tech.}} %
@string{C = {Carbon}}%
@string{Aiche = {AIChE J.}}%
@string{CES = {Chem. Eng. Sci.}}%
@string{JFM ={ J. Fluid. Mech.}}%


%%%%%%%%%%%%%%%%%%%%%%%%%%%%%%%%%%%%%%%%%%%%%


@incollection{soomro2014action,
  title={Action recognition in realistic sports videos},
  author={Soomro, Khurram and Zamir, Amir R},
  booktitle={Computer Vision in Sports},
  pages={181--208},
  year={2014},
  publisher={Springer}
}

@article{farabet2013learning,
  title={Learning hierarchical features for scene labeling},
  author={Farabet, Clement and Couprie, Camille and Najman, Laurent and LeCun, Yann},
  journal={IEEE transactions on pattern analysis and machine intelligence},
  volume={35},
  number={8},
  pages={1915--1929},
  year={2013},
  publisher={IEEE}
}

@inproceedings{albiol2003robust,
  title={Robust motion detector for video surveillance applications},
  author={Albiol, Antonio and Sandoval, Cristina and Albiol, Alberto and Naranjo, Valery and Mossi, Jos{\'e} Manuel},
  booktitle={Image Processing, 2003. ICIP 2003. Proceedings. 2003 International Conference on},
  volume={2},
  pages={II--379},
  year={2003},
  organization={IEEE}
}


@incollection{kaewtrakulpong2002improved,
  title={An improved adaptive background mixture model for real-time tracking with shadow detection},
  author={KaewTraKulPong, Pakorn and Bowden, Richard},
  booktitle={Video-based surveillance systems},
  pages={135--144},
  year={2002},
  publisher={Springer}
}

@inproceedings{mittal2004motion,
  title={Motion-based background subtraction using adaptive kernel density estimation},
  author={Mittal, Anurag and Paragios, Nikos},
  booktitle={Computer Vision and Pattern Recognition, 2004. CVPR 2004. Proceedings of the 2004 IEEE Computer Society Conference on},
  volume={2},
  pages={II--II},
  year={2004},
  organization={Ieee}
}
%%%%%%%%%%%%%%%%%%%%%%%%%%%%%%
%%%%%%%%%%%%%%%%%%%%%%%%%%%%%%
%%%%%%%%%%%%%%%%%%%%%%%%%%%%%%
%%%%%%%%%%%%%%%%%%%%%%%%%%%%%%
@inproceedings{yao2008multi,
  title={Multi-camera 3d person tracking with particle filter in a surveillance environment},
  author={Yao, Jian and Odobez, Jean-Marc},
  booktitle={Signal Processing Conference, 2008 16th European},
  pages={1--5},
  year={2008},
  organization={IEEE}
}

@article{diaz2014automatic,
  title={Automatic recognition and scoring of olympic rhythmic gymnastic movements},
  author={D{\'\i}az-Pereira, M Pino and G{\'o}mez-Conde, Iv{\'a}n and Escalona, Merly and Olivieri, David N},
  journal={Human movement science},
  volume={34},
  pages={63--80},
  year={2014},
  publisher={Elsevier}
}

@article{gomez2011simple,
  title={Simple human gesture detection and recognition using a feature vector and a real-time histogram based algorithm},
  author={G{\'o}mez-Conde, Iv{\'a}n and Olivieri, David and Vila, Xos{\'e} Ant{\'o}n and Orozco-Ochoa, Stella and others},
  journal={Journal of Signal and Information Processing},
  volume={2},
  number={04},
  pages={279},
  year={2011},
  publisher={Scientific Research Publishing}
}

@inproceedings{blank2005actions,
  title={Actions as space-time shapes},
  author={Blank, Moshe and Gorelick, Lena and Shechtman, Eli and Irani, Michal and Basri, Ronen},
  booktitle={Computer Vision, 2005. ICCV 2005. Tenth IEEE International Conference on},
  volume={2},
  pages={1395--1402},
  year={2005},
  organization={IEEE}
}

@article{data_set_KTH_baumann2016recognizing,
  title={Recognizing human actions using novel space-time volume binary patterns},
  author={Baumann, Florian and Ehlers, Arne and Rosenhahn, Bodo and Liao, Jie},
  journal={Neurocomputing},
  volume={173},
  pages={54--63},
  year={2016},
  publisher={Elsevier}
}

@article{wang2013dense,
  title={Dense trajectories and motion boundary descriptors for action recognition},
  author={Wang, Heng and Kl{\"a}ser, Alexander and Schmid, Cordelia and Liu, Cheng-Lin},
  journal={International journal of computer vision},
  volume={103},
  number={1},
  pages={60--79},
  year={2013},
  publisher={Springer}
}

@inproceedings{wang2011action,
  title={Action recognition by dense trajectories},
  author={Wang, Heng and Kl{\"a}ser, Alexander and Schmid, Cordelia and Liu, Cheng-Lin},
  booktitle={Computer Vision and Pattern Recognition (CVPR), 2011 IEEE Conference on},
  pages={3169--3176},
  year={2011},
  organization={IEEE}
}



@article{laptev2005space,
  title={On space-time interest points},
  author={Laptev, Ivan},
  journal={International journal of computer vision},
  volume={64},
  number={2-3},
  pages={107--123},
  year={2005},
  publisher={Springer}
}


  
@ARTICLE{link10-CS231n_Convolutional_Neural_Networks_for_Visual_Recognition,
   author = {CS231n Convolutional Neural Networks for Visual Recognition},
     title = "{AlexNet, http://cs231n.github.io/convolutional-networks/\#case}"
}

